@book{fysikbog,
	title = {Essential University Physics, 3rd edition},
	author = {Richard Wollfson},
	year = {2016},
	number = {ISBN: 978-0-321-97642-0},
	series = {Paperback},
	publisher = {Pearson Education}
}
