
%@book{xxxxxx,
%	title = {Physics for Scientists and Engineers, 7th edition},
%	author = {John W. Jewett and Raymond A. Serway},
%	year = {2008},
%	number = {ISBN: 0-495-11240-2},
%	series = {Paperback},
%	publisher = {Thomson Learning}
%}

@article{spoler,
abstract = {Er der et magnetfelt omkring en spole, når der IKKE er sat strøm til spolen? Her tænker jeg på, hvorfor man egentlig kan lave strøm (induktion) ved hjælp af en spole som ikke er sat til strøm, og så en magnet.},
author = {Olsen, Malte},
keywords = {Københavns Universitet,Niels Bohr Institutet},
publisher = {Københavns Universitet},
title = {{Magnetfelter fra spoler}},
address={\url{http://www.nbi.ku.dk/spoerg_om_fysik/fysik/magnetfelter1/}},
year = {2008},
note = {Set den. 2016-11-28},
url = {http://www.nbi.ku.dk/spoerg_om_fysik/fysik/magnetfelter1/}
}

@book{fysikbog,
author = {Wolfson, Richard},
edition = {Volume 2, },
isbn = {978-0-321-97642-0},
pages = {Kapitel: 21,26,27, 28 og 29},
publisher = {Pearson Education},
title = {{Essential University Physics}},
year = {2016},
note = {Kapitel: 21, 26, 27, 28 og 29}
}

@article{mikro,
author = {Lu, Xiao and Niyato, Dusit and Wang, Ping and Kim, Dong In},
doi = {10.1109/MWC.2015.7096295},
issn = {1536-1284},
journal = {IEEE Wireless Communications},
month = {apr},
number = {2},
pages = {126--135},
title = {{Wireless charger networking for mobile devices: fundamentals, standards, and applications}},
url = {http://ieeexplore.ieee.org/document/7096295/},
volume = {22},
year = {2015}
}

@article{limit,
abstract = {Inductive power transfer (IPT) and capacitive power transfer (CPT) are the two most pervasive methods of wireless power transfer (WPT). IPT is the most common and is applicable to many power levels and gap distances. Conversely, CPT is only applicable for power transfer applications with inherently small gap distances due to constraints on the developed voltage. Despite limitations on gap distance, CPT has been shown to be viable in kilowatt power level applications. This paper provides a critical comparison of IPT and CPT for small gap applications, wherein the theoretical and empirical limitations of each approach are established. A survey of empirical WPT data across diverse applications in the last decade using IPT and CPT technology graphically compares the two approaches in power level, gap distance, operational frequency, and efficiency, among other aspects. The coupler volumetric power density constrained to small gap sizes is analytically established through theoretical physical limitations of IPT and CPT. Finally, guidelines for selecting IPT or CPT in small gap systems are presented.},
author = {Dai, Jiejian and Ludois, Daniel C.},
doi = {10.1109/TPEL.2015.2415253},
isbn = {0885-8993},
issn = {08858993},
journal = {IEEE Transactions on Power Electronics},
keywords = {Capacitive power transfer,Inductive power transfer,non-contact,wireless power transfer},
month = {nov},
number = {11},
pages = {6017--6029},
title = {{A Survey of Wireless Power Transfer and a Critical Comparison of Inductive and Capacitive Coupling for Small Gap Applications}},
url = {http://ieeexplore.ieee.org/document/7064773/},
volume = {30},
year = {2015}
}

@article{batteri,
author = {GSMArena},
title = {{Apple iPhone 4 - Specifications}},
url = {http://www.gsmarena.com/apple_iphone_4-3275.php},
year = {2011}
}

@misc{elforsyning,
author = {{Wistoft Birgitte, Lundgren Carl-Erik}, Dietrich Ove},
title = {{Elforsyning | Gyldendal - Den Store Danske}},
url = {http://denstoredanske.dk/It,_teknik_og_naturvidenskab/Elektricitet/Kraftforsyning_generelt/elforsyning},
urldate = {2016-12-13},
year = {2014},
note = {Set den. 14-12-2016}
}

@misc{impedans,
author = {Nave, Rod (Department of Physics and Astronomy Georgiastate University)},
title = {{Complex Impedance}},
url = {http://hyperphysics.phy-astr.gsu.edu/hbase/electric/impcom.html},
year = {2012},
note = {Set den. 06-12-2016}
}

@misc{reaktans,
author = {Lesurf, Jim (University of St. Andrews)},
title = {{Reactance of capacitors and inductors}},
url = {https://www.st-andrews.ac.uk/~www_pa/Scots_Guide/info/signals/complex/react.html},
note = {Set den. 06-12-2016}
}

@misc{Bresonant,
abstract = {Billede for Resonant frekvens},
author = {Boundless},
publisher = {Boundless},
title = {{Forced Vibrations and Resonance}},
url = {https://www.boundless.com/physics/textbooks/boundless-physics-textbook/sound-16/further-topics-132/forced-vibrations-and-resonance-473-1966/},
year = {2016},
note = {Set den. 14-12-2016} 
}

@article{mit,
abstract = {We investigate whether, and to what extent, the physical phenomenon of long-lifetime resonant electromagnetic states with localized slowly-evanescent field patterns can be used to transfer energy efficiently over non-negligible distances, even in the presence of extraneous environmental objects. Via detailed theoretical and numerical analyses of typical real-world model-situations and realistic material parameters, we establish that such a non-radiative scheme can lead to "strong coupling" between two medium-range distant such states and thus could indeed be practical for efficient medium-range wireless energy transfer. {\textcopyright} 2007 Elsevier Inc. All rights reserved.},
archivePrefix = {arXiv},
arxivId = {physics/0611063},
author = {Karalis, Aristeidis and Joannopoulos, J. D. and Solja{\v{c}}i{\'{c}}, Marin},
doi = {10.1016/j.aop.2007.04.017},
eprint = {0611063},
file = {:C$\backslash$:/Users/Steen Paulsen/Downloads/Efficient wireless non-radiative mid-range energy transfer (1).pdf:pdf},
isbn = {0003-4916},
issn = {00034916},
journal = {Annals of Physics},
keywords = {Strong coupling,Wireless energy,Wireless power},
number = {1},
pages = {34--48},
pmid = {19547559},
primaryClass = {physics},
title = {{Efficient wireless non-radiative mid-range energy transfer}},
volume = {323},
year = {2008}
}

@misc{tesla,
title = {{Master Plan, Part Deux | Tesla Danmark}},
url = {https://www.tesla.com/da_DK/blog/master-plan-part-deux},
urldate = {2016-12-19},
note = {Set den. 18-12-2016}
}

@misc{komfur,
abstract = {Et induktionskomfur - kan du kort forklare hvordan det varmer, og om det er en fordel fremfor et glaskeramisk komfur. },
author = {Olsen, Malte},
keywords = {Københavns Universitet,NBI},
publisher = {Københavns Universitet},
title = {{Hvordan fungerer et induktionskomfur?}},
url = {http://www.nbi.ku.dk/spoerg_om_fysik/fysik/induktionskaageplade/},
urldate = {2016-12-19},
year = {2013},
note = {Set den. 18-12-2016}
}

@misc{fabrik,
author = {{WiTricity Corporation}},
title = {{DAIHEN Shipping Industrial Robotics Solutions, Powered by WiTricity's Wireless Charging Technology | WiTricity Corporation}},
url = {http://witricity.com/news/daihen-shipping-industrial-robotics-solutions-powered-witricitys-wireless-charging-technology/},
urldate = {2016-12-19},
note = {Set den. 18-12-2016}
}

@misc{historie4,
author = {Knudsen, Ole},
title = {{Michael Faraday | Gyldendal - Den Store Danske}},
url = {http://denstoredanske.dk/It,_teknik_og_naturvidenskab/Fysik/Fysikere_og_naturvidenskabsfolk/Michael_Faraday},
urldate = {2016-12-19},
note = {Set den. 18-12-2016}
}

@misc{historie5,
author = {Knudsen, Ole},
title = {{Andre Marie Ampere | Gyldendal - Den Store Danske}},
url = {http://denstoredanske.dk/It,_teknik_og_naturvidenskab/Fysik/Fysikere_og_naturvidenskabsfolk/André_Marie_Ampère},
urldate = {2016-12-19},
note = {Set den. 18-12-2016}
}

@misc{historie7,
author = {Knudsen, Ole},
title = {{James Clerk Maxwell | Gyldendal - Den Store Danske}},
url = {http://denstoredanske.dk/It%2C_teknik_og_naturvidenskab/Fysik/Fysikere_og_naturvidenskabsfolk/James_Clerk_Maxwell},
urldate = {2016-12-19},
note = {Set den. 18-12-2016}
}

@misc{historie3,
author = {Knudsen, Bent},
title = {Nikola Tesla | Gyldendal - Den Store Dankse},
urldate = {2016-12-19},
note = {Set den. 18-12-2016}
}

@misc{historie2,
author = {Jacobsen, Anja Skaar and Knudsen, Ole},
title = {{H.C. Ørsted | Gyldendal - Den Store Danske}},
url = {http://denstoredanske.dk/It,_teknik_og_naturvidenskab/Fysik/Fysikere_og_naturvidenskabsfolk/Hans_Christian_Ørsted},
urldate = {2016-12-19},
note = {Set den. 18-12-2016}
}

@misc{historie6,
author = {Elbek, Bent},
title = {{Amperes lov | Gyldendal - Den Store Danske}},
url = {http://denstoredanske.dk/It\%2C_teknik_og_naturvidenskab/Fysik/Elektromagnetisme\%2C_elektron-_og_ionoptik/Ampères_lov},
urldate = {2016-12-19},
note = {Set den. 18-12-2016}
}

@misc{historie1,
author = {...},
title = {{Elektromagnetismen - den enestående opdagelse}},
url = {http://www.nbi.ku.dk/hhh/hco/oersted/opdagelsen/},
urldate = {2016-12-19},
note = {Set den. 18-12-2016}
}

